<?xml version="1.0" encoding="UTF-8"?><collection xmlns="http://www.loc.gov/MARC21/slim"><record><leader>00406nam--2200121-i-4500</leader><controlfield tag="001">000032554</controlfield><controlfield tag="002">20161230</controlfield><controlfield tag="005">20161230201039</controlfield><controlfield tag="008">060222s1000------------r-----000-0-eng-d</controlfield><datafield ind1=" " ind2=" " tag="245"><subfield code="a">Sur une methode de discrimination des particules chargees dans les emulsions nucleaires par revelation physique</subfield></datafield><datafield ind1=" " ind2=" " tag="260"><subfield code="a">Paris, Gauthier-villars, 1956. 3p. Fotocopii</subfield></datafield><datafield ind1=" " ind2=" " tag="490"><subfield code="a">C.R. Des Seances, 30 Aout 1956</subfield></datafield><datafield ind1=" " ind2=" " tag="852"><subfield code="a">6291</subfield></datafield></record></collection>